%  _     _ _     _ _                             _           
% | |__ (_) |__ | (_) ___   __ _ _ __ __ _ _ __ | |__  _   _ 
% | '_ \| | '_ \| | |/ _ \ / _` | '__/ _` | '_ \| '_ \| | | |
% | |_) | | |_) | | | (_) | (_| | | | (_| | |_) | | | | |_| |
% |_.__/|_|_.__/|_|_|\___/ \__, |_|  \__,_| .__/|_| |_|\__, |
%                          |___/          |_|          |___/ 

@article{Gromov:2017blm,
    author = "Gromov, Nikolay",
    title = "{Introduction to the Spectrum of $N=4$ SYM and the Quantum Spectral Curve}",
    eprint = "1708.03648",
    archivePrefix = "arXiv",
    primaryClass = "hep-th",
    month = "8",
    year = "2017"
}

@article{Talalaev:2011,
    author = "Dmitry Talalaev",
    title = "Quantum Spectral Curve Method",
    year = "2011"
}

@article{Reffert:2014,
    author = "Susanne Reffert",
    title = "Introduction to Integrable Models",
    year = "2014"
}

@article{Schafer-Nameki:2010qho,
    author = "Schafer-Nameki, Sakura",
    title = "{Review of AdS/CFT Integrability, Chapter II.4: The Spectral Curve}",
    eprint = "1012.3989",
    archivePrefix = "arXiv",
    primaryClass = "hep-th",
    reportNumber = "KCL-MTH-10-18",
    doi = "10.1007/s11005-011-0525-6",
    journal = "Lett. Math. Phys.",
    volume = "99",
    pages = "169--190",
    year = "2012"
}

@phdthesis{Marboe:2017zdv,
    author = "Marboe, Christian",
    title = "{The AdS/CFT spectrum via integrability-based algorithms}",
    school = "Trinity Coll., Dublin",
    month = "11",
    year = "2017"
}

@article{Bazhanov:2010ts,
    author = "Bazhanov, Vladimir V. and Lukowski, Tomasz and Meneghelli, Carlo and Staudacher, Matthias",
    title = "{A Shortcut to the Q-Operator}",
    eprint = "1005.3261",
    archivePrefix = "arXiv",
    primaryClass = "hep-th",
    reportNumber = "AEI-2010-023, HU-EP-10-24, HU-MATHEMATIK-2010-7",
    doi = "10.1088/1742-5468/2010/11/P11002",
    journal = "J. Stat. Mech.",
    volume = "1011",
    pages = "P11002",
    year = "2010"
}

@mastersthesis{Frassek:2014bya,
    author = "Frassek, Rouven",
    title = "{Q-operators, Yangian invariance and the quantum inverse scattering method}",
    eprint = "1412.3339",
    archivePrefix = "arXiv",
    primaryClass = "hep-th",
    type = "Other thesis",
    month = "12",
    year = "2014"
}

@inproceedings{Faddeev:1996iy,
    author = "Faddeev, L. D.",
    title = "{How algebraic Bethe ansatz works for integrable model}",
    booktitle = "{Les Houches School of Physics: Astrophysical Sources of Gravitational Radiation}",
    eprint = "hep-th/9605187",
    archivePrefix = "arXiv",
    pages = "pp. 149--219",
    month = "5",
    year = "1996"
}

@article{Kulish:1983,
  title={Diagonalisation of GL(N) invariant transfer matrices and quantum N-wave system (Lee model)},
  author={Petr P. Kulish and Nikolai Reshetikhin},
  journal={Journal of Physics A},
  year={1983},
  volume={16}
}

@article{Levkovich-Maslyuk:2019awk,
    author = "Levkovich-Maslyuk, Fedor",
    title = "{A review of the AdS/CFT Quantum Spectral Curve}",
    eprint = "1911.13065",
    archivePrefix = "arXiv",
    primaryClass = "hep-th",
    doi = "10.1088/1751-8121/ab7137",
    journal = "J. Phys. A",
    volume = "53",
    number = "28",
    pages = "283004",
    year = "2020"
}

@book{Chari:1994pz,
  title={A Guide to Quantum Groups},
  author={Chari, V. and Pressley, A.N.},
  isbn={9780521558846},
  lccn={94241658},
  url={https://books.google.com.br/books?id=bn5GNkLfnsAC},
  year={1995},
  publisher={Cambridge University Press}
}

@book{Chaichian:1996int,
  title={Introduction to Quantum Groups},
  author={Chaichian, M. and Demichev, A.P.},
  isbn={9789810226237},
  lccn={96025942},
  url={https://books.google.com.br/books?id=qxq-klYmFZMC},
  year={1996},
  publisher={World Scientific}
}

@article{Mikhailov:2007eg,
  author = "Mikhailov, Andrei and Schafer-Nameki, Sakura",
  title = "{Algebra of transfer-matrices and Yang-Baxter equations on the string worldsheet in AdS(5) x S(5)}",
  eprint = "0712.4278",
  archivePrefix = "arXiv",
  primaryClass = "hep-th",
  reportNumber = "CALT-68-2666, NI-07085",
  doi = "10.1016/j.nuclphysb.2008.04.029",
  journal = "Nucl. Phys. B",
  volume = "802",
  pages = "1--39",
  year = "2008"
}


@article{Benichou:2011ch,
    author = "Benichou, Raphael",
    title = "{First-principles derivation of the AdS/CFT Y-systems}",
    eprint = "1108.4927",
    archivePrefix = "arXiv",
    primaryClass = "hep-th",
    doi = "10.1007/JHEP10(2011)112",
    journal = "JHEP",
    volume = "10",
    pages = "112",
    year = "2011"
}

@book{Babelon2003,
	title={Introduction to Classical Integrable Systems},
  author={Babelon, O. and Bernard, D. and Talon, M. and Cambridge University
  Press and Landshoff, P.V. and Nelson, D.R. and Sciama, D.W. and Weinberg,
  S.},
	isbn={9780521822671},
	lccn={2002034955},
	series={Cambridge Monographs on Mathematical Physics},
	url={https://books.google.ch/books?id=Hboa9NvpvdAC},
	year={2003},
	publisher={Cambridge University Press}
}

@article{Torrielli:2016ufi,
    author = "Torrielli, Alessandro",
    title = "{Lectures on Classical Integrability}",
    eprint = "1606.02946",
    archivePrefix = "arXiv",
    primaryClass = "hep-th",
    reportNumber = "DMUS-MP-16-04",
    doi = "10.1088/1751-8113/49/32/323001",
    journal = "J. Phys. A",
    volume = "49",
    number = "32",
    pages = "323001",
    year = "2016"
}

@article{Magro:2008dv,
    author = "Magro, Marc",
    title = "{The Classical Exchange Algebra of AdS(5) x S**5}",
    eprint = "0810.4136",
    archivePrefix = "arXiv",
    primaryClass = "hep-th",
    reportNumber = "AEI-2008-085",
    doi = "10.1088/1126-6708/2009/01/021",
    journal = "JHEP",
    volume = "01",
    pages = "021",
    year = "2009"
}
@article{Vicedo:2009sn,
    author = "Vicedo, Benoit",
    title = "{Hamiltonian dynamics and the hidden symmetries of the AdS(5) x S**5 superstring}",
    eprint = "0910.0221",
    archivePrefix = "arXiv",
    primaryClass = "hep-th",
    reportNumber = "IPHT-T09-143",
    doi = "10.1007/JHEP01(2010)102",
    journal = "JHEP",
    volume = "01",
    pages = "102",
    year = "2010"
}

@article{Beisert:2010jr,
    author = "Beisert, Niklas and others",
    title = "{Review of AdS/CFT Integrability: An Overview}",
    eprint = "1012.3982",
    archivePrefix = "arXiv",
    primaryClass = "hep-th",
    reportNumber = "AEI-2010-175, CERN-PH-TH-2010-306, HU-EP-10-87, HU-MATH-2010-22, KCL-MTH-10-10, UMTG-270, UUITP-41-10",
    doi = "10.1007/s11005-011-0529-2",
    journal = "Lett. Math. Phys.",
    volume = "99",
    pages = "3--32",
    year = "2012"
}

@article{Rej:2010ju,
    author = "Rej, Adam",
    title = "{Review of AdS/CFT Integrability, Chapter I.3: Long-range spin chains}",
    eprint = "1012.3985",
    archivePrefix = "arXiv",
    primaryClass = "hep-th",
    reportNumber = "IMPERIAL-TP-AR-2010-2",
    doi = "10.1007/s11005-011-0509-6",
    journal = "Lett. Math. Phys.",
    volume = "99",
    pages = "85--102",
    year = "2012"
}
  
@article{Zoubos:2010kh,
    author = "Zoubos, Konstantinos",
    title = "{Review of AdS/CFT Integrability, Chapter IV.2: Deformations, Orbifolds and Open Boundaries}",
    eprint = "1012.3998",
    archivePrefix = "arXiv",
    primaryClass = "hep-th",
    doi = "10.1007/s11005-011-0515-8",
    journal = "Lett. Math. Phys.",
    volume = "99",
    pages = "375--400",
    year = "2012"
}

@article{Dlamini:2019zuk,
    author = "Dlamini, Hector and Zoubos, Konstantinos",
    title = "{Marginal deformations and quasi-Hopf algebras}",
    eprint = "1902.08166",
    archivePrefix = "arXiv",
    primaryClass = "hep-th",
    doi = "10.1088/1751-8121/ab370f",
    journal = "J. Phys. A",
    volume = "52",
    number = "37",
    pages = "375402",
    year = "2019"
}

@article{Bargheer:2009xy,
    author = "Bargheer, Till and Beisert, Niklas and Loebbert, Florian",
    title = "{Long-Range Deformations for Integrable Spin Chains}",
    eprint = "0902.0956",
    archivePrefix = "arXiv",
    primaryClass = "hep-th",
    reportNumber = "AEI-2009-009",
    doi = "10.1088/1751-8113/42/28/285205",
    journal = "J. Phys. A",
    volume = "42",
    pages = "285205",
    year = "2009"
}

@article{Beisert:2013voa,
    author = "Beisert, Niklas and Fi\'evet, Lucas and de Leeuw, Marius and Loebbert, Florian",
    title = "{Integrable Deformations of the XXZ Spin Chain}",
    eprint = "1308.1584",
    archivePrefix = "arXiv",
    primaryClass = "math-ph",
    doi = "10.1088/1742-5468/2013/09/P09028",
    journal = "J. Stat. Mech.",
    volume = "1309",
    pages = "P09028",
    year = "2013"
}

@article{Pozsgay:2019xak,
    author = "Pozsgay, Bal\'azs",
    title = "{Current operators in integrable spin chains: lessons from long range deformations}",
    eprint = "1910.12833",
    archivePrefix = "arXiv",
    primaryClass = "cond-mat.stat-mech",
    doi = "10.21468/SciPostPhys.8.2.016",
    journal = "SciPost Phys.",
    volume = "8",
    pages = "016",
    year = "2020"
}

@article{Pozsgay:2019ekd,
    author = "Pozsgay, Bal\'azs and Jiang, Yunfeng and Tak\'acs, G\'abor",
    title = "{$T\bar T$-deformation and long range spin chains}",
    eprint = "1911.11118",
    archivePrefix = "arXiv",
    primaryClass = "hep-th",
    reportNumber = "CERN-TH-2019-200",
    doi = "10.1007/JHEP03(2020)092",
    journal = "JHEP",
    volume = "03",
    pages = "092",
    year = "2020"
}

@article{Jiang:2020nnb,
    author = "Jiang, Yunfeng",
    title = "{$\mathrm{T}\overline{\mathrm{T}}$-deformed 1d Bose gas}",
    eprint = "2011.00637",
    archivePrefix = "arXiv",
    primaryClass = "hep-th",
    reportNumber = "CERN-TH-2020-183",
    doi = "10.21468/SciPostPhys.12.6.191",
    journal = "SciPost Phys.",
    volume = "12",
    number = "6",
    pages = "191",
    year = "2022"
}

@article{Marchetto:2019yyt,
    author = "Marchetto, Enrico and Sfondrini, Alessandro and Yang, Zhou",
    title = "{$T\bar{T}$ Deformations and Integrable Spin Chains}",
    eprint = "1911.12315",
    archivePrefix = "arXiv",
    primaryClass = "hep-th",
    doi = "10.1103/PhysRevLett.124.100601",
    journal = "Phys. Rev. Lett.",
    volume = "124",
    number = "10",
    pages = "100601",
    year = "2020"
}

